<?xml version="1.0" encoding="UTF-8"?><collection xmlns="http://www.loc.gov/MARC21/slim"><record><leader>00388nam--2200133-i-4500</leader><controlfield tag="001">000040852</controlfield><controlfield tag="002">20161230</controlfield><controlfield tag="005">20161230201042</controlfield><controlfield tag="008">060222s1000------------r-----000-0-eng-d</controlfield><datafield ind1=" " ind2=" " tag="100"><subfield code="a">Schwenck,J.Rae,Martin,Raymond M</subfield></datafield><datafield ind1=" " ind2=" " tag="245"><subfield code="a">Basic principles of chemistry</subfield></datafield><datafield ind1=" " ind2=" " tag="260"><subfield code="a">Englewood Cliffs, N.J.,Prentice-hall, Inc.,1958. Xi + 400 P</subfield></datafield><datafield ind1=" " ind2=" " tag="490"><subfield code="a">Prentice-hall Chemistry Series</subfield></datafield><datafield ind1=" " ind2=" " tag="852"><subfield code="a">15122</subfield></datafield></record></collection>